@article{Katoch2021,
   abstract = {In this paper, the analysis of recent advances in genetic algorithms is discussed. The genetic algorithms of great interest in research community are selected for analysis. This review will help the new and demanding researchers to provide the wider vision of genetic algorithms. The well-known algorithms and their implementation are presented with their pros and cons. The genetic operators and their usages are discussed with the aim of facilitating new researchers. The different research domains involved in genetic algorithms are covered. The future research directions in the area of genetic operators, fitness function and hybrid algorithms are discussed. This structured review will be helpful for research and graduate teaching.},
   author = {Sourabh Katoch and Sumit Singh Chauhan and Vijay Kumar},
   doi = {10.1007/S11042-020-10139-6},
   issn = {15737721},
   issue = {5},
   journal = {Multimedia Tools and Applications},
   keywords = {Crossover,Evolution,Genetic algorithm,Metaheuristic,Mutation,Optimization,Selection},
   month = {2},
   pages = {8091-8126},
   publisher = {Springer},
   title = {A review on genetic algorithm: past, present, and future},
   volume = {80},
   url = {https://doi.org/10.1007/s11042-020-10139-6},
   year = {2021},
},
@article{Hijriana2015,
   author = {Nadiya, Hijriana},
   month = {7},
   title = {Penerapan Metode Algoritma Genetika Untuk Permasalahan Penjadwalan Perawat},
   volume = {16},
   url = {https://media.neliti.com/media/publications/66056-ID-penerapan-metode-algoritma-genetika-untu.pdf},
   year = {2015},
},
@article{Champlin2018,
   author = {Ryan Champlin},
   month = {3},
   title = {Selection Methods of Genetics Algorithm},
   url = {https://digitalcommons.olivet.edu/csis_stsc/8},
   year = {2018},
},
@article{Ertel2011,
   author = {Wolfgang Ertel},
   city = {London},
   doi = {10.1007/978-0-85729-299-5},
   isbn = {978-0-85729-298-8},
   publisher = {Springer London},
   title = {Introduction to Artificial Intelligence},
   url = {https://link.springer.com/10.1007/978-0-85729-299-5},
   year = {2011},
},
@article{Marleny2019,
   abstract = {Klasifikasi Citra adalah sebuah teknik pengelompokan piksel untuk memperoleh suatu gambar objek yang diwakili oleh 
fitur, kelas atau materi. Banyak algoritma telah dicoba dalam penerapan di klasifikasi citra, salah satu yang sangat terkenala 
adalah Neural Network. Neural Network dalam pengembangan algoritma Backpropagation mampu mempelajari pola dari 
data training sehingga menghasilkan bobot-bobot baru dengan error serendah-rendahnya. Genetic Algorithm (GA) merupakan salah satu metode yang sering diterapkan dalam optimasi, Metode ini berbasis teori evolusi, algoritma ini bekerja pada 
populasi calon penyelesaian yang disebut kromosom yang awalnya dibangkitkan secara random dari ruang penyelesaian 
fungsi tujuan. Dengan menggunakan mekanisme opearator genetik yaitu persilangan dan mutasi populasi dievolusikan melalui fungsi fitness yang diarahkan pada kondisi konvergensi. Algoritma ini dapat diterapkan dalam banyak area fungsi-fungsi 
optimasi. Penelitian ini bertujuan untuk mengklasifikasi citra berdasarkan fitur menggunakan metode Backpropagation Optimasi Genetic Algorithm. Data yang digunakan adalah data kayu kelapa yang dikelompokkan berdasarkan kerapatan yang 
bermanfaat untuk seleksi kualitas kayu tersebut berdasarkan visualisasi},
   author = {Finki Donna Marleny and Mambang},
   title = {OPTIMASI GENETIC ALGORITHM DENGAN JARINGAN SYARAF TIRUAN UNTUK KLASIFIKASI CITRA},
   year = {2019},
},
@article{Alsmadi2017,
   author = {Mutasem Alsmadi and Ahmed Younes Hamed and Usama A Badawi and Ibrahim Almarashdeh and Abderrazak Salah and Tamer H Farag},
   journal = {SUST Journal of Engineering and Computer Sciences (JECS)},
   title = {FACE IMAGE RECOGNITION BASED ON PARTIAL FACE MATCHING USING GENETIC ALGORITHM},
   volume = {18},
   year = {2017},
},
@article{Sukhija2016,
   abstract = {Face recognition is one of the most challenging aspect in the field of image analysis. Face recognition has been a topic of active research since the 1980's, proposing solutions to several practical problems. Face recognition is probably the biometric method that is used to identify people mainly from their faces. However, the recognition process used by the human brain for identifying faces is very challenging. In this paper, a Genetic Algorithm (GA) based approach is proposed for face recognition. The proposed algorithm recognizes an unknown image by comparing it with the known training images stored in the database and gives information regarding the person recognized. The proposed algorithm is then compared with other known face recognition algorithms viz: Principal Component Analysis(PCA) and Linear Discriminate Analysis (LDA) algorithms. It has been observed that the recognition rate of the proposed algorithm is better.},
   author = {Pratibha Sukhija and Sunny Behal and Pritpal Singh},
   doi = {10.1016/J.PROCS.2016.05.183},
   issn = {1877-0509},
   journal = {Procedia Computer Science},
   keywords = {Face Recognition,Genetic Algorithm,LDA,ORL,PCA,UMIST},
   month = {1},
   pages = {410-417},
   publisher = {Elsevier},
   title = {Face Recognition System Using Genetic Algorithm},
   volume = {85},
   year = {2016},
},
@article{Hussein2020,
   author = {Maryam Mahmood Hussein and Ammar Hussein Mutlag and Hussain Shareef},
   doi = {10.1088/1757-899X/745/1/012038},
   issn = {1757-8981},
   journal = {IOP Conference Series: Materials Science and Engineering},
   title = {An Improved Artificial Neural Network Design for Face Recognition utilizing Harmony Search Algorithm},
   volume = {745},
   url = {https://iopscience.iop.org/article/10.1088/1757-899X/745/1/012038},
   year = {2020},
},
@thesis{Adrianto2016,
   abstract = {Privacy adalah sebuah pencegahan terhadap komputer kita agar orang yang tidak memiliki kepentingan tidak dapat melakukan akses terhadap komputer kita. Salah satu cara untuk melakukan pengamanan privacy adalah dengan menggunakan sistem keamanan satu fitur yang berbasis face recognition. Sistem keamanan yang hanya menggunakan satu fitur saja terkadang gagal dalam prosesnya. Berdasarkan kelemahan tersebut, Robert dan Ulrich menggabungkan tiga elemen sistem keamanan menjadi satu yaitu pengenal wajah (face recognition) yang menggunakan metode Hausdor Distance dengan kompleksitas n2, pengenal suara (voice recognition) yang menggunakan metode vector quantification dengan kompleksitas n2 dan pengenal pergerakan bibir (lip movement recognition) dengan metode 3D Fast Fourier Transformation dengan kompleksitas sebesar n2. Hasil yang didapat dengan tiga elemen tersebut mencapai tingkat akurasi.},
   author = {Felix Adrianto},
   city = {Tangerang},
   institution = {Universitas Multimedia Nusantara},
   title = {Pembuatan Modul Keamanan Dengan Kompleksitas Rendah Menggunakan Pengenal dan Gerakan Wajah},
   url = {https://kc.umn.ac.id/1280/},
   year = {2016},
},
@article{Unknown2016,
   author = {Unknown},
   title = {Genetic Algorithms Tutorial},
   url = {https://www.tutorialspoint.com/genetic_algorithms/},
   year = {2016},
}
